<record><leader>00000cas a22000007a 4500</leader><controlfield tag="001">14397795</controlfield><controlfield tag="008">861015d18501857pauwr ne      0    0eng d</controlfield><datafield ind1=" " ind2=" " tag="010"><subfield code="a">sn 86083303 </subfield></datafield><datafield ind1=" " ind2=" " tag="040"><subfield code="a">NPH</subfield><subfield code="b">eng</subfield><subfield code="c">NPH</subfield><subfield code="d">OCLCQ</subfield></datafield><datafield ind1=" " ind2=" " tag="042"><subfield code="a">msc</subfield></datafield><datafield ind1="0" ind2=" " tag="130"><subfield code="a">Eastonian (Easton, Pa.)</subfield></datafield><datafield ind1="1" ind2="4" tag="245"><subfield code="a">The Eastonian.</subfield></datafield><datafield ind1=" " ind2=" " tag="260"><subfield code="a">Easton [Pa.] :</subfield><subfield code="b">S.L. Cooley &amp; W.L. Davis,</subfield><subfield code="c">1850-</subfield></datafield><datafield ind1=" " ind2=" " tag="300"><subfield code="a">v.</subfield></datafield><datafield ind1=" " ind2=" " tag="310"><subfield code="a">Weekly</subfield></datafield><datafield ind1="0" ind2=" " tag="362"><subfield code="a">Vol. 1, no. 1 (June 13, 1850)-</subfield></datafield><datafield ind1="1" ind2=" " tag="362"><subfield code="a">Ceased in 1857.</subfield><subfield code="z">Cf. Rossell, G. Pa. newspapers.</subfield></datafield><datafield ind1=" " ind2=" " tag="500"><subfield code="a">"Devoted to politics, literature and news."</subfield></datafield><datafield ind1=" " ind2=" " tag="530"><subfield code="a">Also issued on microfilm from Micro Photo Div. of Bell and Howell.</subfield></datafield><datafield ind1=" " ind2=" " tag="580"><subfield code="a">Daily ed. : Daily Eastonian.</subfield></datafield><datafield ind1=" " ind2=" " tag="752"><subfield code="a">United States</subfield><subfield code="b">Pennsylvania</subfield><subfield code="c">Northampton</subfield><subfield code="d">Easton.</subfield></datafield><datafield ind1="1" ind2=" " tag="775"><subfield code="t">Daily Eastonian</subfield><subfield code="w">(DLC)sn 86083304</subfield></datafield></record>